
@misc{generators,
	author = {AshishSingh},
	title = {Generators},
	howpublished = {\url{https://wiki.python.org/moin/Generators}},
	note = {Accessed: 2018-03-08}
}

@misc{magic,
	author = {Syed Komail Abbas},
	title = {The Magic Behind Python Generator Functions},
	howpublished = {\url{https://hackernoon.com/the-magic-behind-python-generator-functions-bc8eeea54220}},
	note = {Accessed: Aug 1, 2017}
}

@MISC {whileloop,
	TITLE = {$\lambda$-calculus, is there encoding of for or while?},
	AUTHOR = {chi (https://cs.stackexchange.com/users/43599/chi)},
	HOWPUBLISHED = {Computer Science Stack Exchange},
	NOTE = {URL:https://cs.stackexchange.com/q/88637 (version: 2018-03-01)},
	EPRINT = {https://cs.stackexchange.com/q/88637},
	URL = {https://cs.stackexchange.com/q/88637}
}